
@Misc{BeckerWP,
  author =       {Becker, A. et al. },
  title =        {{Science White Paper for LSST Deep-Drilling Field Observations Opportunities for Solar System Science}},
  note =         { {\tt{\url{https://project.lsst.org/content/whitepapers32012}}} },
  publisher =    {LSST Project Office},
  year =         2011,
}

@Misc{DhitalWP,
  author =       {Dhital, S. et al. },
  title =        {{Science White Paper for LSST Deep-Drilling Field Observations Mapping the Milky Way?s Ultracool Dwarfs, Subdwarfs, and White Dwarfs}},
  note =         { {\tt{\url{https://project.lsst.org/content/whitepapers32012}}} },
  publisher =    {LSST Project Office},
  year =         2011,
}

@Misc{SzkodyWP,
  author =       {Szkody, P. et al. },
  title =        {{Science White Paper for LSST Deep-Drilling Field Observations
High Cadence Observations of the Magellanic Clouds and Select Galactic Cluster Fields}},
  note =         { {\tt{\url{https://project.lsst.org/content/whitepapers32012}}} },
  publisher =    {LSST Project Office},
  year =         2011,
}

@Misc{CrottsWP,
  author =       {Crotts, A. et al. },
  title =        {{Standard Candle Relations and Photo-diversity of Type Ia Supernovae}},
  note =         { {\tt{\url{https://project.lsst.org/content/whitepapers32012}}} },
  publisher =    {LSST Project Office},
  year =         2011,
}

@Misc{KesslerWP,
  author =       {Kessler, R. et al. },
  title =        {{Science White Paper for LSST Deep-Drilling Field Observations: Supernova Light Curves}},
  note =         { {\tt{\url{https://project.lsst.org/content/whitepapers32012}}} },
  publisher =    {LSST Project Office},
  year =         2011,
}

@Misc{FergusonWP,
  author =       {Ferguson, H.~C. et al. },
  title =        {{Science White Paper for LSST Deep-Drilling Field Observations: LSST Deep Drilling for Galaxies}},
  note =         { {\tt{\url{https://project.lsst.org/content/whitepapers32012}}} },
  publisher =    {LSST Project Office},
  year =         2011,
}

@Misc{MaWP,
  author =       {Ma, Z. et al. },
  title =        {{Science White Paper for LSST Deep-Drilling Field Observations: Using LSST Deep Drilling Fields to Improve Weak Lensing Measurements}},
  note =         { {\tt{\url{https://project.lsst.org/content/whitepapers32012}}} },
  publisher =    {LSST Project Office},
  year =         2011,
}

@Misc{GawiserWP,
  author =       {Gawiser, E. et al. },
  title =        {{Science White Paper for LSST Deep-Drilling Field Observations: Ultra-deep $ugrizy$ Imaging to Reduce Main Survey Photo-z Systematics and to Probe Faint Galaxy Clustering, AGN, and Strong Lenses}},
  note =         { {\tt{\url{https://project.lsst.org/content/whitepapers32012}}} },
  publisher =    {LSST Project Office},
  year =         2011,
}

@ARTICLE{2017arXiv170804058L,
   author = {{LSST Science Collaboration} and {Marshall}, P. and {Anguita}, T. and 
	{Bianco}, F.~B. and {Bellm}, E.~C. and {Brandt}, N. and {Clarkson}, W. and 
	{Connolly}, A. and {Gawiser}, E. and {Ivezic}, Z. and {Jones}, L. and 
	{Lochner}, M. and {Lund}, M.~B. and {Mahabal}, A. and {Nidever}, D. and 
	{Olsen}, K. and {Ridgway}, S. and {Rhodes}, J. and {Shemmer}, O. and 
	{Trilling}, D. and {Vivas}, K. and {Walkowicz}, L. and {Willman}, B. and 
	{Yoachim}, P. and {Anderson}, S. and {Antilogus}, P. and {Angus}, R. and 
	{Arcavi}, I. and {Awan}, H. and {Biswas}, R. and {Bell}, K.~J. and 
	{Bennett}, D. and {Britt}, C. and {Buzasi}, D. and {Casetti-Dinescu}, D.~I. and 
	{Chomiuk}, L. and {Claver}, C. and {Cook}, K. and {Davenport}, J. and 
	{Debattista}, V. and {Digel}, S. and {Doctor}, Z. and {Firth}, R.~E. and 
	{Foley}, R. and {Fong}, W.-f. and {Galbany}, L. and {Giampapa}, M. and 
	{Gizis}, J.~E. and {Graham}, M.~L. and {Grillmair}, C. and {Gris}, P. and 
	{Haiman}, Z. and {Hartigan}, P. and {Hawley}, S. and {Hlozek}, R. and 
	{Jha}, S.~W. and {Johns-Krull}, C. and {Kanbur}, S. and {Kalogera}, V. and 
	{Kashyap}, V. and {Kasliwal}, V. and {Kessler}, R. and {Kim}, A. and 
	{Kurczynski}, P. and {Lahav}, O. and {Liu}, M.~C. and {Malz}, A. and 
	{Margutti}, R. and {Matheson}, T. and {McEwen}, J.~D. and {McGehee}, P. and 
	{Meibom}, S. and {Meyers}, J. and {Monet}, D. and {Neilsen}, E. and 
	{Newman}, J. and {O'Dowd}, M. and {Peiris}, H.~V. and {Penny}, M.~T. and 
	{Peters}, C. and {Poleski}, R. and {Ponder}, K. and {Richards}, G. and 
	{Rho}, J. and {Rubin}, D. and {Schmidt}, S. and {Schuhmann}, R.~L. and 
	{Shporer}, A. and {Slater}, C. and {Smith}, N. and {Soares-Santos}, M. and 
	{Stassun}, K. and {Strader}, J. and {Strauss}, M. and {Street}, R. and 
	{Stubbs}, C. and {Sullivan}, M. and {Szkody}, P. and {Trimble}, V. and 
	{Tyson}, T. and {de Val-Borro}, M. and {Valenti}, S. and {Wagoner}, R. and 
	{Wood-Vasey}, W.~M. and {Zauderer}, B.~A.},
    title = "{Science-Driven Optimization of the LSST Observing Strategy}",
  journal = {ArXiv e-prints},
archivePrefix = "arXiv",
   eprint = {1708.04058},
 primaryClass = "astro-ph.IM",
 keywords = {Astrophysics - Instrumentation and Methods for Astrophysics, Astrophysics - Cosmology and Nongalactic Astrophysics, Astrophysics - Earth and Planetary Astrophysics, Astrophysics - Astrophysics of Galaxies, Astrophysics - Solar and Stellar Astrophysics},
     year = 2017,
    month = aug,
   adsurl = {http://adsabs.harvard.edu/abs/2017arXiv170804058L},
  adsnote = {Provided by the SAO/NASA Astrophysics Data System}
}

@ARTICLE{2013arXiv1304.3455G,
   author = {{Gould}, A.},
    title = "{LSST's DC Bias Against Planets and Galactic-Plane Science}",
  journal = {ArXiv e-prints},
archivePrefix = "arXiv",
   eprint = {1304.3455},
 primaryClass = "astro-ph.GA",
 keywords = {Astrophysics - Galaxy Astrophysics, Astrophysics - Earth and Planetary Astrophysics, Astrophysics - Solar and Stellar Astrophysics},
     year = 2013,
    month = apr,
   adsurl = {http://adsabs.harvard.edu/abs/2013arXiv1304.3455G},
  adsnote = {Provided by the SAO/NASA Astrophysics Data System}
}

@ARTICLE{2014ApJ...794...23D,
   author = {{Drout}, M.~R. and {Chornock}, R. and {Soderberg}, A.~M. and 
	{Sanders}, N.~E. and {McKinnon}, R. and {Rest}, A. and {Foley}, R.~J. and 
	{Milisavljevic}, D. and {Margutti}, R. and {Berger}, E. and 
	{Calkins}, M. and {Fong}, W. and {Gezari}, S. and {Huber}, M.~E. and 
	{Kankare}, E. and {Kirshner}, R.~P. and {Leibler}, C. and {Lunnan}, R. and 
	{Mattila}, S. and {Marion}, G.~H. and {Narayan}, G. and {Riess}, A.~G. and 
	{Roth}, K.~C. and {Scolnic}, D. and {Smartt}, S.~J. and {Tonry}, J.~L. and 
	{Burgett}, W.~S. and {Chambers}, K.~C. and {Hodapp}, K.~W. and 
	{Jedicke}, R. and {Kaiser}, N. and {Magnier}, E.~A. and {Metcalfe}, N. and 
	{Morgan}, J.~S. and {Price}, P.~A. and {Waters}, C.},
    title = "{Rapidly Evolving and Luminous Transients from Pan-STARRS1}",
  journal = {\apj},
archivePrefix = "arXiv",
   eprint = {1405.3668},
 primaryClass = "astro-ph.HE",
 keywords = {supernovae: general},
     year = 2014,
    month = oct,
   volume = 794,
      eid = {23},
    pages = {23},
      doi = {10.1088/0004-637X/794/1/23},
   adsurl = {http://adsabs.harvard.edu/abs/2014ApJ...794...23D},
  adsnote = {Provided by the SAO/NASA Astrophysics Data System}
}

